% Encoding: UTF-8

@Book{eco,
  author    = {Umberto Eco},
  title     = {Wie man eine wissenschaftliche Abschlußarbeit schreibt},
  year      = {2010},
  language  = {Deutsch},
  edition   = {13. Aufl.},
  publisher = {C. F. Müller},
  pages     = {270},
  address   = {Heidelberg},
  timestamp = {2013.07.04},
}

@Book{kara,
  author    = {Matthias Karmasin and Rainer Ribing},
  title     = {Die Gestaltung wissenschaftlicher Arbeiten},
  year      = {2012},
  language  = {Deutsch},
  edition   = {7. Aufl.},
  publisher = {WUV UniversitÃ¤tsverlag},
  pages     = {166},
  address   = {Wien},
  timestamp = {2013.07.04},
}

@Book{kraemer,
  author    = {Walter Krämer},
  title     = {Wie schreibe ich eine Seminar- oder Examensarbeit?},
  year      = {2009},
  language  = {Deutsch},
  edition   = {3. Aufl.},
  publisher = {Campus-Verlag},
  pages     = {189},
  address   = {Frankfurt am Main (u.a.)},
  month     = {September},
  timestamp = {2013.07.04},
}

@BOOK{stengel,
  title = {Vorsicht, Denkfehler!},
  publisher = {Uni-Edition},
  year = {2005},
  author = {Oliver Stengel},
  pages = {133},
  address = {Berlin},
  language = {Deutsch},
  timestamp = {2013.07.04}
}

@online{Dean2012,
	Author = {Dean, Jeff},
	Date-Added = {2012-03-05 11:28:31 +0000},
	Date-Modified = {2012-03-05 11:36:17 +0000},
	Keywords = {Google, ULS},
	Lastchecked = {05.03.2012},
	Title = {Software Engineering Advice from Building Large-Scale Distributes Systems},
	Url = {http://static.googleusercontent.com/external_content/untrusted_dlcp/research.google.com/de/people/jeff/stanford-295-talk.pdf},
	Urldate = {2012-03-05},
	Year = {2012},
}

@online{Gao2017,
	Author = {Gao, Liangcai and Yi, Xiaohan and Hao, Leipeng and Jiang, Zhuoren and Tang, Zhi},
	Date-Added = {2017-06-19 19:21:12 +0000},
	Date-Modified = {2017-06-19 19:21:12 +0000},
	Title = {{ICDAR 2017 POD Competition: Evaluation}},
	Url = {http://www.icst.pku.edu.cn/cpdp/ICDAR2017_PODCompetition/evaluation.html},
	Urldate = {2017-05-30},
	Year = {2017},
	Bdsk-Url-1 = {http://www.icst.pku.edu.cn/cpdp/ICDAR2017_PODCompetition/evaluation.html}
}

@book{Kornmeier2011,
	Author = {Marin Kornmeier},
	Date-Added = {2012-04-04 12:07:45 +0000},
	Date-Modified = {2012-04-04 12:09:25 +0000},
	Edition = {5. Auflage},
	Keywords = {Writing},
	Publisher = {UTB},
	Title = {Wissenschaftlich schreiben leicht gemacht},
	Year = {2012}
}

@book{Kramer2009,
	Author = {Walter Kr{\"a}mer},
	Date-Added = {2011-10-27 13:55:22 +0000},
	Date-Modified = {2011-10-27 14:01:55 +0000},
	Edition = {3. Auflage},
	Keywords = {Writing},
	Month = {9},
	Publisher = {Campus Verlag},
	Title = {Wie schreibe ich eine Seminar- oder Examensarbeit?},
	Year = {2009}
}

@book{Willberg1999,
	Author = {Hans Peter Willberg and Friedrich Forssmann},
	Date-Added = {2011-11-10 08:58:09 +0000},
	Date-Modified = {2012-01-24 19:24:12 +0000},
	Keywords = {Writing},
	Publisher = {Verlag Hermann Schmidt},
	Title = {Erste Hilfe in Typographie},
	Year = {1999}
}

@book{Forssman2002,
	Author = {Friedrich Forssman and Ralf de Jong},
	Date-Added = {2012-01-24 19:20:46 +0000},
	Date-Modified = {2012-01-24 19:21:56 +0000},
	Keywords = {Writing},
	Publisher = {Verlag Hermann Schmidt},
	Title = {Detailtypografie},
	Year = {2002}
}

@online{Weber2006,
	Author = {Stefan Weber},
	Date-Added = {2011-10-27 14:30:30 +0000},
	Date-Modified = {2011-10-27 14:32:34 +0000},
	Journal = {Telepolis},
	Keywords = {Writing},
	Lastchecked = {2011-10-27},
	Month = {12},
	Title = {Wissenschaft als Web-Sampling},
	Url = {http://www.heise.de/tp/druck/mb/artikel/24/24221/1.html},
	Urldate = {2011-10-27},
	Year = {2006},
	Bdsk-Url-1 = {http://www.heise.de/tp/druck/mb/artikel/24/24221/1.html}
}

@online{Wikipedia_HarveyBalls,
	Author = {{Harvey Balls}},
	Date-Added = {2011-10-27 14:30:30 +0000},
	Date-Modified = {2011-10-27 14:32:34 +0000},
	Lastchecked = {2018-02-07},
	Month = {4},
	Title = {Harvey Balls -- Wikipedia},
	Url = {https://de.wikipedia.org/w/index.php?title=Harvey_Balls&oldid=116517396},
	Urldate = {2018-02-07},
	Year = {2013}
}

@Article{Christidis2016,
  author  = {K. {Christidis} and M. {Devetsikiotis}},
  title   = {Blockchains and Smart Contracts for the Internet of Things},
  pages   = {2292-2303},
  volume  = {4},
  journal = {IEEE Access},
  year    = {2016},
}

@INPROCEEDINGS{Redmon2016,
  author={J. {Redmon} and S. {Divvala} and R. {Girshick} and A. {Farhadi}},
  booktitle={2016 IEEE Conference on Computer Vision and Pattern Recognition (CVPR)},
  title={You Only Look Once: Unified, Real-Time Object Detection},
  year={2016},
  volume={},
  number={},
  pages={779-788},
}

@online{gronkh2019,
	title = {METRO EXODUS 039: Der Admiral},
	Date = {2019-03-26},
	year = {2019},
	organization = {YouTube},
	author = {Gronkh},
	url = {https://youtu.be/vDP1vFyMLfs},
	Urldate = {2020-05-04},
}

@Article{Ebert2016,
  author       = {Ebert, Christof and Gallardo, Gorka and Hernantes, Josune and Serrano, Nicolas},
  date         = {2016},
  journaltitle = {IEEE Software},
  title        = {DevOps},
  doi          = {10.1109/MS.2016.68},
  number       = {3},
  pages        = {94-100},
  volume       = {33},
  keywords     = {Java;Monitoring;Cloud computing;DSL;Automation;Production;DevOps;apache Ant;Maven;Gradle;Jenkins;TeamCity;Bamboo;Puppet;Chef;Ansible;Logging;Loggly;Graylog2;Nagios;New Relic;Cacti;AWS;Amazon Web Services;microservices;continuous integration;configuration management;software development;software engineering},
}

@InProceedings{Virmani2015,
  author    = {Virmani, Manish},
  booktitle = {Fifth International Conference on the Innovative Computing Technology (INTECH 2015)},
  date      = {2015},
  title     = {Understanding DevOps \& bridging the gap from continuous integration to continuous delivery},
  doi       = {10.1109/INTECH.2015.7173368},
  pages     = {78-82},
  keywords  = {Software;Organizations;Testing;Automation;Optimization;Production;DevOps;Continuous Integration;Continuous Delivery;Infrastructure as a Code (IAAC)},
}

@Article{Wong2024,
  author = {Caroline Wong},
  date   = {2024-04},
  title  = {Getting Started With DevSecOps},
}

@Book{Sharma2013,
  author    = {Sharma, S.},
  date      = {2013},
  title     = {DevOps for Dummies, IBM Limited Edition},
  isbn      = {9781118733783},
  publisher = {John Wiley \& Sons, Incorporated},
  url       = {https://books.google.de/books?id=zfv2zgEACAAJ},
}

@WWW{Haug2020,
  author = {Katie Haug},
  date   = {2020-06-25},
  title  = {Shift Left: The Rise of DevSecOps},
  url    = {https://www.klogixsecurity.com/blog/shift-left-the-rise-of-devsecops},
}

@Article{Foundation2023,
  author       = {OWASP Foundation},
  date         = {2023},
  journaltitle = {OWASP Foundation},
  title        = {OWASP Top Ten 2023},
  url          = {https://owasp.org/www-project-top-ten/},
}

@Misc{SonarSource2023,
  author = {SonarSource},
  date   = {2024},
  title  = {SonarQube Documentation},
  url    = {https://docs.sonarqube.org/latest/},
}

@Article{Driessen2010,
  author = {Vincent Driessen},
  date   = {2010},
  title  = {A successful Git branching model},
  url    = {https://nvie.com/posts/a-successful-git-branching-model/},
}

@Misc{GitLab2023,
  author = {GitLab},
  date   = {2023},
  title  = {GitLab CI/CD Documentation},
  url    = {https://docs.gitlab.com/ee/ci/},
}

@Misc{Microsoft2023,
  author = {Microsoft},
  date   = {2023},
  title  = {Azure DevOps Documentation},
  url    = {https://docs.microsoft.com/en-us/azure/devops/?view=azure-devops},
}

@Misc{Sonatype2023,
  author = {Sonatype},
  date   = {2024},
  title  = {Sonatype Nexus IQ Documentation},
  url    = {https://help.sonatype.com/iqserver},
}

@Misc{Snyk2023,
  author = {Snyk},
  date   = {2023},
  title  = {Snyk Documentation},
  url    = {https://snyk.io/docs/},
}

@Misc{OWASP2023,
  author = {OWASP},
  date   = {2023},
  title  = {OWASP Dependency-Check Documentation},
  url    = {https://owasp.org/www-project-dependency-check/},
}

@Misc{WhiteSource2023,
  author = {WhiteSource},
  date   = {2023},
  title  = {WhiteSource Documentation},
  url    = {https://whitesource.com/resources/whitepapers/},
}

@Misc{Duck2023,
  author = {Black Duck},
  date   = {2023},
  title  = {Black Duck Documentation},
  url    = {https://www.blackducksoftware.com/},
}

@Book{vassallo2021continuous,
  author    = {Vassallo, Jonathan},
  date      = {2021},
  title     = {Continuous Delivery Pipelines},
  publisher = {Packt Publishing},
}

@Book{Loukides2021,
  author    = {Loukides, Mike and others},
  date      = {2021},
  title     = {Software Engineering at Google},
  publisher = {O'Reilly Media},
}

@Online{SonarSource2021,
  author = {SonarSource},
  date   = {2024},
  title  = {SonarQube Documentation},
  url    = {https://docs.sonarqube.org/latest/},
}

@Online{SonarSource2021a,
  author = {SonarSource},
  date   = {2024},
  title  = {SonarQube Setup Guide},
  url    = {https://docs.sonarqube.org/latest/setup/},
}

@Online{Foundation2021,
  author = {OWASP Foundation},
  date   = {2021},
  title  = {OWASP Top Ten},
  url    = {https://owasp.org/www-project-top-ten/},
}

@Misc{Driessen2010a,
  author = {Driessen, Vincent},
  date   = {2010},
  title  = {A successful Git branching model},
  url    = {https://nvie.com/posts/a-successful-git-branching-model/},
}

@Online{SonarSource2021b,
  author = {SonarSource},
  date   = {2024},
  title  = {SonarQube Metrics},
  url    = {https://docs.sonarqube.org/latest/user-guide/metric-definitions/},
}

@Article{Bardas2010,
  author       = {Alexandru G. Bardas},
  date         = {2010},
  journaltitle = {Journal of Information Systems and Operations Management},
  title        = {Static Code Analysis},
  pages        = {99-107},
  url          = {https://api.semanticscholar.org/CorpusID:269098140},
  volume       = {4},
}

@Misc{Sonatype2020,
  author = {{Sonatype}},
  date   = {2024},
  title  = {{Nexus IQ: Advanced Dependency Management}},
  url    = {https://www.sonatype.com/nexus/iq},
}

@Misc{Sonatype2021,
  author = {{Sonatype}},
  date   = {2024},
  title  = {{Nexus IQ Documentation}},
  url    = {https://help.sonatype.com/iqserver},
}

@Misc{GitHub2020,
  author = {{GitHub}},
  date   = {2020},
  title  = {{GitHub Actions Documentation}},
  url    = {https://docs.github.com/en/actions},
}

@Article{Vasquez2018,
  author       = {Vasquez, R. and others},
  date         = {2018},
  journaltitle = {IEEE Security \& Privacy},
  title        = {Dependency Scanning in Modern Software Development},
}

@Book{Stevens2020,
  author = {Stevens, R. and others},
  date   = {2020},
  title  = {Software Security Practices: Protecting Software in a DevOps World},
  isbn   = {978-3030458789},
}

@Misc{OWASPFoundation2020,
  author = {{OWASP Foundation}},
  date   = {2020},
  title  = {{OWASP Dependency-Check}},
  url    = {https://owasp.org/www-project-dependency-check/},
}

@Misc{Sonatype2020a,
  author = {{Sonatype}},
  date   = {2020},
  title  = {{Nexus IQ: Advanced Dependency Management}},
  url    = {https://www.sonatype.com/nexus/iq},
}

@Misc{Sonatype2021a,
  author = {{Sonatype}},
  date   = {2021},
  title  = {{Nexus IQ Documentation}},
  url    = {https://help.sonatype.com/iqserver},
}

@Misc{GitHub2020a,
  author = {{GitHub}},
  date   = {2020},
  title  = {{GitHub Actions Documentation}},
  url    = {https://docs.github.com/en/actions},
}

@Misc{Driessen2010b,
  author = {Driessen, Vincent},
  date   = {2010},
  title  = {A successful Git branching model},
  url    = {https://nvie.com/posts/a-successful-git-branching-model/},
}

@Comment{jabref-meta: databaseType:biblatex;}
